@article{VinothVenkatesh2011,
author = {VinothVenkatesh, D},
file = {:home/zitouni/.local/share/data/Mendeley Ltd./Mendeley Desktop/Downloaded/VinothVenkatesh - 2011 - ADAPTIVE MODEM FOR A SOFTWARE DEFINED RADIO SYSTEM AT ITS FRONT END.pdf:pdf},
journal = {IJECCE},
keywords = {- software defined radio,adaptive modem},
number = {1},
pages = {1--5},
title = {{ADAPTIVE MODEM FOR A SOFTWARE DEFINED RADIO SYSTEM AT ITS FRONT END}},
url = {http://www.ijecce.org/index.php?option=com\_jresearch\&view=publication\&task=show\&id=22\&Itemid=265},
volume = {2},
year = {2011}
}
@article{Ishii,
author = {Ishii, H. and Kawamura, S. and Suzuki, T. and Kuroda, M. and Hosoya, H. and Fujishima, H.},
doi = {10.1109/PIMRC.2001.965332},
file = {:home/zitouni/.local/share/data/Mendeley Ltd./Mendeley Desktop/Downloaded/Ishii et al. - Unknown - An adaptive receiver based on software defined radio techniques(2).pdf:pdf},
isbn = {0-7803-7244-1},
journal = {12th IEEE International Symposium on Personal, Indoor and Mobile Radio Communications. PIMRC 2001. Proceedings (Cat. No.01TH8598)},
pages = {G--120--G--124},
publisher = {Ieee},
title = {{An adaptive receiver based on software defined radio techniques}},
url = {http://ieeexplore.ieee.org/lpdocs/epic03/wrapper.htm?arnumber=965332}
}
@article{Done,
author = {Done, L and Nours, S Le},
file = {:home/zitouni/.local/share/data/Mendeley Ltd./Mendeley Desktop/Downloaded/Done, Nours - Unknown - A System Level Model for Software Defined Radio Design.pdf:pdf},
isbn = {0780394127},
pages = {463--466},
title = {{A System Level Model for Software Defined Radio Design}}
}
@inproceedings{Su2006,
author = {Su, Wei and Kosinski, John A. and Yu, Ming},
booktitle = {2006 IEEE Long Island Systems, Applications and Technology Conference},
doi = {10.1109/LISAT.2006.4302646},
file = {:home/zitouni/.local/share/data/Mendeley Ltd./Mendeley Desktop/Downloaded/Su, Kosinski, Yu - 2006 - DUAL-USE OF MODULATION RECOGNITION TECHNIQUES FOR DIGITAL COMMUNICATION SIGNALS.pdf:pdf},
isbn = {978-1-4244-0299-1},
month = may,
pages = {1--6},
publisher = {IEEE},
title = {{DUAL-USE OF MODULATION RECOGNITION TECHNIQUES FOR DIGITAL COMMUNICATION SIGNALS}},
url = {http://www.mendeley.com/research/dual-modulation-recognition-techniques-digital-communication-signals/},
year = {2006}
}
@inproceedings{Wasif2007,
author = {Wasif, Mohammed and Elahi, Mamoon and Sangahavi, Chirag},
booktitle = {2007 International Conference on Wireless Communications, Networking and Mobile Computing},
doi = {10.1109/WICOM.2007.318},
file = {:media/YodaZitouni/Doctorat/Etat de l'art/Adaptive Modulation/Analysis and Implementation of Adaptive Modem for SDR.pdf:pdf},
isbn = {1-4244-1311-7},
month = sep,
pages = {1248--1251},
publisher = {IEEE},
title = {{Analysis and Implementation of Adaptive Modem for SDR}},
url = {http://www.mendeley.com/research/analysis-implementation-adaptive-modem-sdr/},
year = {2007}
}
@article{Qiu1999,
author = {Qiu, Xiaoxin and Chawla, Kapil},
file = {:media/YodaZitouni/Doctorat/Etat de l'art/Adaptive Modulation/On the Performance of Adaptive Modulation in Cellular Systems.pdf:pdf},
journal = {Communications, IEEE Transactions on},
number = {6},
pages = {884--895},
title = {{On the performance of adaptive modulation in cellular systems}},
url = {http://ieeexplore.ieee.org/xpls/abs\_all.jsp?arnumber=771345},
volume = {47},
year = {1999}
}